@Misc{cheatsheet,
  author = {OWASP},
  title = {XSS Prevention Cheat Sheet},
  howpublished = {\url{https://www.owasp.org/index.php/XSS_%28Cross_Site_Scripting%29_Prevention_Cheat_Sheet}},
}

@Misc{sysctl,
  title = {SYSCTL Hardening},
  howpublished = {\url{http://geektnt.com/sysctl-conf-hardening.html}},
}

@Misc{snort,
    title = {SNORT IDS},
    howpublished = {\url{http://www.snort.org/}},
}

@Misc{snort_arp,
    title = {SNORT ARP Protection},
    howpublished = {\url{http://manual.snort.org/node151.html}}}